<?xml version="1.0" encoding="UTF-8"?><collection xmlns="http://www.loc.gov/MARC21/slim"><record><leader>00526nam--2200193-u-4500</leader><controlfield tag="001">000056433</controlfield><controlfield tag="002">20161230</controlfield><controlfield tag="005">20170118185713</controlfield><controlfield tag="008">151009s1000------------r-----000-0-rus-d</controlfield><datafield ind1=" " ind2=" " tag="040"><subfield code="a">IFIN-HH</subfield></datafield><datafield ind1=" " ind2=" " tag="041"><subfield code="a">rus</subfield></datafield><datafield ind1=" " ind2=" " tag="080"><subfield code="a">53(075)</subfield></datafield><datafield ind1="1" ind2=" " tag="100"><subfield code="a">Babadjan, E. I</subfield></datafield><datafield ind1="1" ind2="0" tag="245"><subfield code="a">Sbornik kacestvennih voprosov i zadaci po obsei fizike</subfield><subfield code="c">E.I. Babadjan, V.I. Gervids, V.M. Dubovik, E.A. Nersesov</subfield></datafield><datafield ind1=" " ind2=" " tag="260"><subfield code="a">Moskva</subfield><subfield code="b">Nauka</subfield><subfield code="c">1990</subfield></datafield><datafield ind1=" " ind2=" " tag="300"><subfield code="a">398 p</subfield></datafield><datafield ind1="1" ind2=" " tag="700"><subfield code="a">Nersesov, E. A</subfield></datafield><datafield ind1=" " ind2=" " tag="852"><subfield code="a">79930</subfield></datafield><datafield ind1=" " ind2=" " tag="CAT"><subfield code="a">SYS</subfield><subfield code="c">20170118</subfield><subfield code="h">185713</subfield></datafield></record></collection>